<collection xmlns="http://www.loc.gov/MARC21/slim">
<record>
  <leader>01301nam0a22002411i 450 </leader>
  <controlfield tag="001">IT\ICCU\CNCE\053187</controlfield>
  <controlfield tag="005">20021008000000.0</controlfield>
  <datafield tag="012" ind1=" " ind2=" ">
    <subfield code="a">s,u- u-e- ior- estr (3) 1591 (R)</subfield>
    <subfield code="2">fei</subfield>
  </datafield>
  <datafield tag="100" ind1=" " ind2=" ">
    <subfield code="a">20020926d1591        0itac0103    ba</subfield>
  </datafield>
  <datafield tag="101" ind1=" " ind2=" ">
    <subfield code="a">LAT</subfield>
  </datafield>
  <datafield tag="102" ind1=" " ind2=" ">
    <subfield code="a">IT</subfield>
  </datafield>
  <datafield tag="200" ind1="1" ind2=" ">
    <subfield code="a">℗Sacrosancti Concilii Tridentini ℗Canones, &amp; decreta. Cum citationibus ex vtroque Testamento, &amp; iuris pontificij constitutionibus, alijusque S. R. E. concilijs, ab Horatio Lutio Calliensi .... collectis. His nouissime preter Priorum 4. &amp; 5. Ro. Pont. Bullas, necnon Indices ... &amp; Librorum prohibitorum; Accessit aurea Margarita materiarum, ....</subfield>
  </datafield>
  <datafield tag="210" ind1=" " ind2=" ">
    <subfield code="a">Placentiae</subfield>
    <subfield code="c">ex officina Ioannis Bazachij</subfield>
    <subfield code="d">1591</subfield>
  </datafield>
  <datafield tag="215" ind1=" " ind2=" ">
    <subfield code="a">(16), 416, (128) p.</subfield>
    <subfield code="d"></subfield>
  </datafield>
  <datafield tag="300" ind1=" " ind2=" ">
    <subfield code="a">ANNULLATA !!!!! vedi 13046</subfield>
  </datafield>
  <datafield tag="620" ind1=" " ind2=" ">
    <subfield code="a">IT</subfield>
    <subfield code="d">Piacenza</subfield>
  </datafield>
  <datafield tag="710" ind1="1" ind2="2">
    <subfield code="a">Concilio di Trento</subfield>
    <subfield code="c"> &lt;1545-1563&gt;</subfield>
    <subfield code="3">IT\ICCU\CNCA\003434</subfield>
  </datafield>
  <datafield tag="712" ind1="0" ind2="0">
    <subfield code="a">Bazachi, Giovanni</subfield>
    <subfield code="3">IT\ICCU\CNCT\001313</subfield>
    <subfield code="4">650</subfield>
  </datafield>
  <datafield tag="791" ind1="0" ind2="2">
    <subfield code="a">Concilium Tridentinum</subfield>
    <subfield code="c"> &lt;1545-1563&gt;</subfield>
    <subfield code="3">8382</subfield>
    <subfield code="z">Concilio di Trento &lt;1545-1563&gt;</subfield>
  </datafield>
  <datafield tag="791" ind1="0" ind2="0">
    <subfield code="a">Bazzachi, Giovanni</subfield>
    <subfield code="3">IT\ICCU\CNCT\003629</subfield>
    <subfield code="z">Bazachi, Giovanni</subfield>
  </datafield>
  <datafield tag="791" ind1="0" ind2="0">
    <subfield code="a">Bazachius, Ioannes</subfield>
    <subfield code="3">IT\ICCU\CNCT\004307</subfield>
    <subfield code="z">Bazachi, Giovanni</subfield>
  </datafield>
  <datafield tag="801" ind1=" " ind2="3">
    <subfield code="a">IT</subfield>
    <subfield code="b">ICCU</subfield>
    <subfield code="c">20201115</subfield>
  </datafield>
  <datafield tag="899" ind1=" " ind2=" ">
    <subfield code="a">Biblioteca civica. Novi Ligure</subfield>
    <subfield code="1">AL0060</subfield>
    <subfield code="2">TO0 33</subfield>
  </datafield>
</record>
</collection>
